@article {PDA,
author = {F\"orster, T.},
title = {Zwischenmolekulare Energiewanderung und Fluoreszenz},
journal = {Ann. Physik},
volume = {437},
number = {1-2},
publisher = {WILEY-VCH Verlag},
issn = {1521-3889},
pages = {55--75},
year = {1948},
}
@article{Woody1968,
   author = "Woody, R. W.",
   title = "Improved Calculation of the nπ* Rotational Strength in Polypeptides",
   journal = "J. Chem. Phys.",
   year = "1968",
   volume = "49",
   number = "11", 
   pages = "4797-4806",
   url = "http://scitation.aip.org/content/aip/journal/jcp/49/11/10.1063/1.1669962",
   doi = "http://dx.doi.org/10.1063/1.1669962" 
}
@article{Madjet2006,
author = {M. E. Madjet and A. Abdurahman  and T. Renger},
title = {Intermolecular Coulomb Couplings from Ab Initio Electrostatic Potentials:  Application to Optical Transitions of Strongly Coupled Pigments in Photosynthetic Antennae and Reaction Centers},
journal = {J. Phys. Chem. B},
volume = {110},
pages = {17268-17281},
year = {2006},
doi = {10.1021/jp0615398},
}
@article{Krueger1998,
author = {B. P. Krueger  and G. D. Scholes  and G. R. Fleming},
title = {Calculation of Couplings and Energy-Transfer Pathways between the Pigments of LH2 by the ab Initio Transition Density Cube Method},
journal = {J. Phys. Chem. B},
volume = {102},
pages = {5378-5386},
year = {1998},
doi = {10.1021/jp9811171},
}
